@article{leskovec2010kronecker,
  title={Kronecker graphs: An approach to modeling networks},
  author={Leskovec, Jure and Chakrabarti, Deepayan and Kleinberg, Jon and Faloutsos, Christos and Ghahramani, Zoubin},
  journal={The Journal of Machine Learning Research},
  volume={11},
  pages={985--1042},
  year={2010},
  publisher={JMLR. org}
}

@inproceedings{leskovec2005graphs,
  title={Graphs over time: densification laws, shrinking diameters and possible explanations},
  author={Leskovec, Jure and Kleinberg, Jon and Faloutsos, Christos},
  booktitle={Proceedings of the eleventh ACM SIGKDD international conference on Knowledge discovery in data mining},
  pages={177--187},
  year={2005},
}



@article{watts1998collective,
  title={Collective dynamics of ‘small-world’networks},
  author={Watts, Duncan J and Strogatz, Steven H},
  journal={nature},
  volume={393},
  number={6684},
  pages={440--442},
  year={1998},
  publisher={Nature Publishing Group}
}
@INPROCEEDINGS{Erdős60onthe,
    author = {P. Erdős and A Rényi},
    title = {On the Evolution of Random Graphs},
    booktitle = {Publication of the mathematical institute of the Hungarian academy of sciences},
    year = {1960},
    pages = {17--61},
    publisher = {}
}

@article{barabasi1999emergence,
  title={Emergence of scaling in random networks},
  author={Barab{\'a}si, Albert L{\'a}szl{\'o} and Albert, R{\'e}ka},
  journal={science},
  volume={286},
  number={5439},
  pages={509--512},
  year={1999},
  publisher={American Association for the Advancement of Science}
}

@inproceedings{cheng_can_2014,
	title = {Can cascades be predicted?},
	url = {http://dl.acm.org/citation.cfm?id=2567997},
	urldate = {2014-08-20},
	booktitle = {Proceedings of the 23rd international conference on World wide web},
	author = {Cheng, Justin and Adamic, Lada and Dow, P. Alex and Kleinberg, Jon Michael and Leskovec, Jure},
	year = {2014},
	pages = {925--936},
	}

@article{hethcote2000mathematics,
  title={The mathematics of infectious diseases},
  author={Hethcote, Herbert W},
  journal={SIAM review},
  volume={42},
  number={4},
  pages={599--653},
  year={2000},

}


@article{kermack1932contributions,
  title={Contributions to the mathematical theory of epidemics. II. The problem of endemicity},
  author={Kermack, William O and McKendrick, Anderson G},
  journal={Proceedings of the Royal society of London. Series A},
  volume={138},
  number={834},
  pages={55--83},
  year={1932},
  publisher={The Royal Society}
}


@article{m1925applications,
  title={Applications of mathematics to medical problems},
  author={M'Kendrick, AG},
  journal={Proceedings of the Edinburgh Mathematical Society},
  volume={44},
  pages={98--130},
  year={1925},
  publisher={Cambridge Univ Press}
}



@article{moreno_dynamics_2004,
	title = {Dynamics of rumor spreading in complex networks},
	volume = {69},
	url = {http://journals.aps.org/pre/abstract/10.1103/PhysRevE.69.066130},
	number = {6},
	urldate = {2014-09-22},
	journal = {Physical Review E},
	author = {Moreno, Yamir and Nekovee, Maziar and Pacheco, Amalio F.},
	year = {2004},
	pages = {066130},
	file = {0312131.pdf:/home/raziel/.mozilla/firefox/ferqqbsj.default-1385738546879/zotero/storage/XEMFHGWX/0312131.pdf:application/pdf}
}

@article{iribarren_impact_2009,
	title = {Impact of Human Activity Patterns on the Dynamics of Information Diffusion},
	volume = {103},
	issn = {0031-9007, 1079-7114},
	url = {http://link.aps.org/doi/10.1103/PhysRevLett.103.038702},
	doi = {10.1103/PhysRevLett.103.038702},
	language = {en},
	number = {3},
	urldate = {2014-09-22},
	journal = {Physical Review Letters},
	author = {Iribarren, José and Moro, Esteban},
	month = jul,
	year = {2009},
	file = {prl09.pdf:/home/raziel/.mozilla/firefox/ferqqbsj.default-1385738546879/zotero/storage/AZXFPSVS/prl09.pdf:application/pdf}
}

@article{nekovee_theory_2007,
	title = {Theory of rumour spreading in complex social networks},
	volume = {374},
	url = {http://www.sciencedirect.com/science/article/pii/S0378437106008090},
	number = {1},
	urldate = {2014-09-22},
	journal = {Physica A: Statistical Mechanics and its Applications},
	author = {Nekovee, Maziar and Moreno, Yamir and Bianconi, G. and Marsili, M.},
	year = {2007},
	pages = {457--470},
	file = {0807.1458.pdf:/home/raziel/.mozilla/firefox/ferqqbsj.default-1385738546879/zotero/storage/XBI75547/0807.1458.pdf:application/pdf}
}

@inproceedings{jin_epidemiological_2013,
	title = {Epidemiological modeling of news and rumors on twitter},
	url = {http://dl.acm.org/citation.cfm?id=2501027},
	urldate = {2014-09-22},
	booktitle = {Proceedings of the 7th Workshop on Social Network Mining and Analysis},
	publisher = {{ACM}},
	author = {Jin, Fang and Dougherty, Edward and Saraf, Parang and Cao, Yang and Ramakrishnan, Naren},
	year = {2013},
	pages = {8},
	file = {Jin et al. - 2013 - Epidemiological modeling of news and rumors on twi.pdf:/home/raziel/.mozilla/firefox/ferqqbsj.default-1385738546879/zotero/storage/IBWHJI5I/Jin et al. - 2013 - Epidemiological modeling of news and rumors on twi.pdf:application/pdf}
}

@article{yan_effect_2012,
	title = {{THE} {EFFECT} {OF} {TRUST} {ON} {INFORMATION} {DIFFUSION} {IN} {ONLINE} {SOCIAL} {NETWORKS}},
	url = {http://pacis2014.org/data/PACIS_mainconference/pdf/pacis2014_submission_591.pdf},
	urldate = {2014-09-22},
	author = {Yan, Zhijun and Liu, Wenyang and Pan, Yaohui and Wang, Tianmei},
	year = {2012},
	file = {Yan et al. - 2012 - THE EFFECT OF TRUST ON INFORMATION DIFFUSION IN ON.pdf:/home/raziel/.mozilla/firefox/ferqqbsj.default-1385738546879/zotero/storage/9JV6GPPF/Yan et al. - 2012 - THE EFFECT OF TRUST ON INFORMATION DIFFUSION IN ON.pdf:application/pdf}
}

@article{li_rumor_2014,
	title = {The rumor diffusion process with emerging independent spreaders in complex networks},
	volume = {397},
	issn = {03784371},
	url = {http://linkinghub.elsevier.com/retrieve/pii/S0378437113010637},
	doi = {10.1016/j.physa.2013.11.021},
	language = {en},
	urldate = {2014-09-22},
	journal = {Physica A: Statistical Mechanics and its Applications},
	author = {Li, Weihua and Tang, Shaoting and Pei, Sen and Yan, Shu and Jiang, Shijin and Teng, Xian and Zheng, Zhiming},
	month = mar,
	year = {2014},
	pages = {121--128},
	file = {The rumor diffusion process with emerging independent spreaders.pdf:/home/raziel/.mozilla/firefox/ferqqbsj.default-1385738546879/zotero/storage/SCHDGRA4/The rumor diffusion process with emerging independent spreaders.pdf:application/pdf}
}

@article{cheng_epidemic_2013,
	title = {An epidemic model of rumor diffusion in online social networks},
	volume = {86},
	issn = {1434-6028, 1434-6036},
	url = {http://link.springer.com/10.1140/epjb/e2012-30483-5},
	doi = {10.1140/epjb/e2012-30483-5},
	language = {en},
	number = {1},
	urldate = {2014-09-22},
	journal = {The European Physical Journal B},
	author = {Cheng, Jun-Jun and Liu, Yun and Shen, Bo and Yuan, Wei-Guo},
	month = jan,
	year = {2013},
	file = {Cheng et al. - 2013 - An epidemic model of rumor diffusion in online soc.pdf:/home/raziel/.mozilla/firefox/ferqqbsj.default-1385738546879/zotero/storage/CDW4GJAS/Cheng et al. - 2013 - An epidemic model of rumor diffusion in online soc.pdf:application/pdf}
}

@article{patsonakis_asynchronous_2013,
	title = {Asynchronous Rumour Spreading in Social and Signed Networks},
	url = {http://arxiv.org/abs/1310.6119},
	urldate = {2014-09-25},
	journal = {{arXiv} preprint {arXiv}:1310.6119},
	author = {Patsonakis, Christos and Roussopoulos, Mema},
	year = {2013},
	file = {1310.6119v2.pdf:/home/raziel/.mozilla/firefox/ferqqbsj.default-1385738546879/zotero/storage/5DRS2NZD/1310.6119v2.pdf:application/pdf}
}

@article{friggeri_rumor_2014,
	title = {Rumor Cascades},
	url = {http://www.aaai.org/ocs/index.php/ICWSM/ICWSM14/paper/download/8122/8110},
	urldate = {2014-09-25},
	author = {Friggeri, Adrien and Adamic, Lada A. and Eckles, Dean and Cheng, Justin},
	year = {2014},
	file = {Friggeri et al. - 2014 - Rumor Cascades.pdf:/home/raziel/.mozilla/firefox/ferqqbsj.default-1385738546879/zotero/storage/B9P7KW4U/Friggeri et al. - 2014 - Rumor Cascades.pdf:application/pdf}
}

@inproceedings{qazvinian_rumor_2011,
	title = {Rumor has it: Identifying misinformation in microblogs},
	shorttitle = {Rumor has it},
	url = {http://dl.acm.org/citation.cfm?id=2145602},
	urldate = {2014-09-25},
	booktitle = {Proceedings of the Conference on Empirical Methods in Natural Language Processing},
	publisher = {Association for Computational Linguistics},
	author = {Qazvinian, Vahed and Rosengren, Emily and Radev, Dragomir R. and Mei, Qiaozhu},
	year = {2011},
	pages = {1589--1599},
	file = {EMNLP.pdf:/home/raziel/.mozilla/firefox/ferqqbsj.default-1385738546879/zotero/storage/92AUR4WP/EMNLP.pdf:application/pdf}
}

@inproceedings{zhang_hot_2006,
	title = {Hot topic: physical-layer network coding},
	shorttitle = {Hot topic},
	url = {http://dl.acm.org/citation.cfm?id=1161129},
	urldate = {2014-09-25},
	booktitle = {Proceedings of the 12th annual international conference on Mobile computing and networking},
	publisher = {{ACM}},
	author = {Zhang, Shengli and Liew, Soung Chang and Lam, Patrick P.},
	year = {2006},
	pages = {358--365},
	file = {fp1006-eftekhar.pdf:/home/raziel/.mozilla/firefox/ferqqbsj.default-1385738546879/zotero/storage/FZCK2QR2/fp1006-eftekhar.pdf:application/pdf}
}

@inproceedings{seo_identifying_2012,
	title = {Identifying rumors and their sources in social networks},
	url = {http://proceedings.spiedigitallibrary.org/proceeding.aspx?articleid=1354522},
	urldate = {2014-09-25},
	booktitle = {{SPIE} Defense, Security, and Sensing},
	publisher = {International Society for Optics and Photonics},
	author = {Seo, Eunsoo and Mohapatra, Prasant and Abdelzaher, Tarek},
	year = {2012},
	pages = {83891I--83891I},
	file = {prasant-spie12.pdf:/home/raziel/.mozilla/firefox/ferqqbsj.default-1385738546879/zotero/storage/8B56QQRU/prasant-spie12.pdf:application/pdf}
}

@inproceedings{cha_measurement-driven_2009,
	title = {A measurement-driven analysis of information propagation in the flickr social network},
	url = {http://dl.acm.org/citation.cfm?id=1526806},
	urldate = {2014-09-25},
	booktitle = {Proceedings of the 18th international conference on World wide web},
	publisher = {{ACM}},
	author = {Cha, Meeyoung and Mislove, Alan and Gummadi, Krishna P.},
	year = {2009},
	pages = {721--730},
	file = {Cha et al. - 2009 - A measurement-driven analysis of information propa.pdf:/home/raziel/.mozilla/firefox/ferqqbsj.default-1385738546879/zotero/storage/WT3ZZZH9/Cha et al. - 2009 - A measurement-driven analysis of information propa.pdf:application/pdf}
}

@inproceedings{kwon_prominent_2013,
	title = {Prominent Features of Rumor Propagation in Online Social Media},
	url = {http://ieeexplore.ieee.org/xpls/abs_all.jsp?arnumber=6729605},
	urldate = {2014-09-25},
	booktitle = {Data Mining ({ICDM}), 2013 {IEEE} 13th International Conference on},
	publisher = {{IEEE}},
	author = {Kwon, Sejeong and Cha, Meeyoung and Jung, Kyomin and Chen, Wei and Wang, Yajun},
	year = {2013},
	pages = {1103--1108},
	file = {icdm13-rumors.pdf:/home/raziel/.mozilla/firefox/ferqqbsj.default-1385738546879/zotero/storage/4ATDUAFI/icdm13-rumors.pdf:application/pdf}
}

@inproceedings{zong_inferring_2012,
	title = {Inferring the Underlying Structure of Information Cascades},
	isbn = {978-1-4673-4649-8, 978-0-7695-4905-7},
	url = {http://ieeexplore.ieee.org/lpdocs/epic03/wrapper.htm?arnumber=6413726},
	doi = {10.1109/ICDM.2012.100},
	urldate = {2014-09-25},
	publisher = {{IEEE}},
	author = {Zong, Bo and Wu, Yinghui and Singh, Ambuj K. and Yan, Xifeng},
	month = dec,
	year = {2012},
	pages = {1218--1223},
	file = {cascade-inference-icdm12.pdf:/home/raziel/.mozilla/firefox/ferqqbsj.default-1385738546879/zotero/storage/MHFKV6ZZ/cascade-inference-icdm12.pdf:application/pdf}
}

@inproceedings{hui_information_2012,
	title = {Information cascades in social media in response to a crisis: a preliminary model and a case study},
	shorttitle = {Information cascades in social media in response to a crisis},
	url = {http://dl.acm.org/citation.cfm?id=2188173},
	urldate = {2014-09-25},
	booktitle = {Proceedings of the 21st international conference companion on World Wide Web},
	publisher = {{ACM}},
	author = {Hui, Cindy and Tyshchuk, Yulia and Wallace, William A. and Magdon-Ismail, Malik and Goldberg, Mark},
	year = {2012},
	pages = {653--656},
	file = {InfoCascadesSWDMwww2012.pdf:/home/raziel/.mozilla/firefox/ferqqbsj.default-1385738546879/zotero/storage/3DII3GIW/InfoCascadesSWDMwww2012.pdf:application/pdf}
}

@article{figueiredo_dynamics_2014,
	title = {On the Dynamics of Social Media Popularity: A {YouTube} Case Study},
	shorttitle = {On the Dynamics of Social Media Popularity},
	url = {http://arxiv.org/abs/1402.1777},
	urldate = {2014-09-25},
	journal = {{arXiv} preprint {arXiv}:1402.1777},
	author = {Figueiredo, Flavio and Almeida, Jussara M. and Gonçalves, Marcos André and Benevenuto, Fabrício},
	year = {2014},
	file = {DynamicsSocialMedia.pdf:/home/raziel/.mozilla/firefox/ferqqbsj.default-1385738546879/zotero/storage/5ZG88A62/DynamicsSocialMedia.pdf:application/pdf}
}

@inproceedings{an_media_2011,
	title = {Media Landscape in Twitter: A World of New Conventions and Political Diversity.},
	shorttitle = {Media Landscape in Twitter},
	url = {http://www.aaai.org/ocs/index.php/ICWSM/ICWSM11/paper/viewPDFInterstitial/2825/3283},
	urldate = {2014-09-25},
	booktitle = {{ICWSM}},
	author = {An, Jisun and Cha, Meeyoung and Gummadi, P. Krishna and Crowcroft, Jon},
	year = {2011},
	file = {icwsm2011_medialandscape.pdf:/home/raziel/.mozilla/firefox/ferqqbsj.default-1385738546879/zotero/storage/4PZC2XNB/icwsm2011_medialandscape.pdf:application/pdf}
}

@techreport{rodriguez_quantifying_2014,
	title = {Quantifying Information Overload in Social Media and its Impact on Social Contagions},
	url = {http://cds.cern.ch/record/1690464},
	urldate = {2014-09-25},
	author = {Rodriguez, Manuel Gomez and Gummadi, Krishna and Schoelkopf, Bernhard},
	year = {2014},
	file = {icwsm2014-overload.pdf:/home/raziel/.mozilla/firefox/ferqqbsj.default-1385738546879/zotero/storage/ZVJAIFJX/icwsm2014-overload.pdf:application/pdf}
}

@inproceedings{ghosh_understanding_2012,
	title = {Understanding and combating link farming in the twitter social network},
	url = {http://dl.acm.org/citation.cfm?id=2187846},
	urldate = {2014-09-25},
	booktitle = {Proceedings of the 21st international conference on World Wide Web},
	publisher = {{ACM}},
	author = {Ghosh, Saptarshi and Viswanath, Bimal and Kooti, Farshad and Sharma, Naveen Kumar and Korlam, Gautam and Benevenuto, Fabricio and Ganguly, Niloy and Gummadi, Krishna Phani},
	year = {2012},
	pages = {61--70},
	file = {twitterSpam_WWW2012.pdf:/home/raziel/.mozilla/firefox/ferqqbsj.default-1385738546879/zotero/storage/M84G8U7K/twitterSpam_WWW2012.pdf:application/pdf}
}

@inproceedings{cha_characterizing_2008,
	title = {Characterizing social cascades in flickr},
	url = {http://dl.acm.org/citation.cfm?id=1397739},
	urldate = {2014-09-25},
	booktitle = {Proceedings of the first workshop on Online social networks},
	publisher = {{ACM}},
	author = {Cha, Meeyoung and Mislove, Alan and Adams, Ben and Gummadi, Krishna P.},
	year = {2008},
	pages = {13--18},
	file = {Cascades-WOSN.pdf:/home/raziel/.mozilla/firefox/ferqqbsj.default-1385738546879/zotero/storage/AF7UQHTI/Cascades-WOSN.pdf:application/pdf}
}

@inproceedings{mislove_growth_2008,
	title = {Growth of the flickr social network},
	url = {http://dl.acm.org/citation.cfm?id=1397742},
	urldate = {2014-09-26},
	booktitle = {Proceedings of the first workshop on Online social networks},
	publisher = {{ACM}},
	author = {Mislove, Alan and Koppula, Hema Swetha and Gummadi, Krishna P. and Druschel, Peter and Bhattacharjee, Bobby},
	year = {2008},
	pages = {25--30},
	file = {Growth-WOSN.pdf:/home/raziel/.mozilla/firefox/ferqqbsj.default-1385738546879/zotero/storage/I2IRUHUX/Growth-WOSN.pdf:application/pdf}
}

@inproceedings{viswanath_evolution_2009,
	title = {On the evolution of user interaction in facebook},
	url = {http://dl.acm.org/citation.cfm?id=1592675},
	urldate = {2014-09-26},
	booktitle = {Proceedings of the 2nd {ACM} workshop on Online social networks},
	publisher = {{ACM}},
	author = {Viswanath, Bimal and Mislove, Alan and Cha, Meeyoung and Gummadi, Krishna P.},
	year = {2009},
	pages = {37--42},
	file = {wosn23-viswanath.pdf:/home/raziel/.mozilla/firefox/ferqqbsj.default-1385738546879/zotero/storage/7P6P4IBQ/wosn23-viswanath.pdf:application/pdf}
}

@inproceedings{kulshrestha_geographic_2012,
	title = {Geographic Dissection of the Twitter Network.},
	url = {http://www.aaai.org/ocs/index.php/ICWSM/ICWSM12/paper/download/4685/4984},
	urldate = {2014-09-26},
	booktitle = {{ICWSM}},
	author = {Kulshrestha, Juhi and Kooti, Farshad and Nikravesh, Ashkan and Gummadi, P. Krishna},
	year = {2012},
	file = {geographic_dissection.pdf:/home/raziel/.mozilla/firefox/ferqqbsj.default-1385738546879/zotero/storage/RCGWJ233/geographic_dissection.pdf:application/pdf}
}

@article{cha_world_2012,
	title = {The world of connections and information flow in twitter},
	volume = {42},
	url = {http://ieeexplore.ieee.org/xpls/abs_all.jsp?arnumber=6156464},
	number = {4},
	urldate = {2014-09-26},
	journal = {Systems, Man and Cybernetics, Part A: Systems and Humans, {IEEE} Transactions on},
	author = {Cha, Meeyoung and Benevenuto, Fabrício and Haddadi, Hamed and Gummadi, Krishna},
	year = {2012},
	pages = {991--998},
	file = {cybernetics-final.pdf:/home/raziel/.mozilla/firefox/ferqqbsj.default-1385738546879/zotero/storage/FC3WMMF9/cybernetics-final.pdf:application/pdf}
}

@book{wu_opportunistic_2014,
	title = {Opportunistic Mobile Social Networks},
	publisher = {{CRC} Press},
	author = {Wu, Jie and Wang, Yunsheng},
	year = {2014}
}

@book{zafarani_social_2014,
	title = {Social Media Mining: An Introduction},
	publisher = {Cambridge University Press},
	author = {Zafarani, Reza and Abbasi, Mohammad Ali and Liu, Huan},
	year = {2014}
}